%cite sklearn 
%%cite goole cloud map api 
%%cite cdc data 

% cite gstools 

@article{cdcp, 
author       = {Centers for Disease Control and Prevention},
title={United States covid-19 community levels by county}, 
url={https://data.cdc.gov/Public-Health-Surveillance/United-States-COVID-19-Community-Levels-by-County/3nnm-4jni}, 
journal={Centers for Disease Control and Prevention}, 
publisher={Centers for Disease Control and Prevention},
year         = {2022},
month={May},
address={Atlanta, GA: US Department of Health and Human Services, CDC},
  howpublished = {\url{ https://covid.cdc.gov/covid-data-tracker }}
} 
@article{haklay2008openstreetmap,
  title     = {Openstreetmap: User-generated street maps},
  author    = {Haklay, Mordechai and Weber, Patrick},
  journal   = {IEEE Pervasive computing},
  volume    = {7},
  number    = {4},
  pages     = {12--18},
  year      = {2008},
  publisher = {Ieee}
}
@article{jordahl2014geopandas,
  title   = {GeoPandas: Python tools for geographic data},
  author  = {Jordahl, K},
  journal = {URL: https://github. com/geopandas/geopandas},
  volume  = {3},
  year    = {2014}
}
@article{kang2020spatial,
  title     = {Spatial epidemic dynamics of the COVID-19 outbreak in China},
  author    = {Kang, Dayun and Choi, Hyunho and Kim, Jong-Hun and Choi, Jungsoon},
  journal   = {International Journal of Infectious Diseases},
  volume    = {94},
  pages     = {96--102},
  year      = {2020},
  publisher = {Elsevier}
}
@article{slater2021capturing,
  title     = {Capturing spatial dependence of COVID-19 case counts with cellphone mobility data},
  author    = {Slater, Justin J and Brown, Patrick E and Rosenthal, Jeffrey S and Mateu, Jorge},
  journal   = {Spatial Statistics},
  pages     = {100540},
  year      = {2021},
  publisher = {Elsevier}
}
@article{muller2022gstools,
  title     = {GSTools v1. 3: A toolbox for geostatistical modelling in Python},
  author    = {M{\"u}ller, Sebastian and Sch{\"u}ler, Lennart and Zech, Alraune and He{\ss}e, Falk},
  journal   = {Geoscientific Model Development},
  volume    = {15},
  number    = {7},
  pages     = {3161--3182},
  year      = {2022},
  publisher = {Copernicus GmbH}
}
@article{pedregosa2011scikit,
  title     = {Scikit-learn: Machine learning in Python},
  author    = {Pedregosa, Fabian and Varoquaux, Ga{\"e}l and Gramfort, Alexandre and Michel, Vincent and Thirion, Bertrand and Grisel, Olivier and Blondel, Mathieu and Prettenhofer, Peter and Weiss, Ron and Dubourg, Vincent and others},
  journal   = {the Journal of machine Learning research},
  volume    = {12},
  pages     = {2825--2830},
  year      = {2011},
  publisher = {JMLR. org}
}